@article{medvqa2023,
  title={Med-VQA: A Visual Question Answering System for Medical Imaging},
  author={Author, A. and Author, B.},
  journal={Journal of Medical AI},
  year={2023},
  volume={1},
  pages={1--10}
}

@article{pathvqa2022,
  title={PathVQA: A Visual Question Answering System for Histopathological Images},
  author={Author, C. and Author, D.},
  journal={Journal of Medical AI},
  year={2022},
  volume={2},
  pages={11--20}
}

@article{mobilenetv2,
  title={MobileNetV2: Inverted Residuals and Linear Bottlenecks},
  author={Author, E. and Author, F.},
  journal={Conference on Computer Vision and Pattern Recognition},
  year={2018},
  pages={4510--4520}
}

@article{bioclinicalbert,
  title={BioClinical-BERT: A Pre-trained Language Model for Medical Text},
  author={Author, G. and Author, H.},
  journal={Journal of Medical AI},
  year={2021},
  volume={3},
  pages={21--30}
}

@article{kvasirvqa2023,
  title={Kvasir-VQA: A Dataset for Visual Question Answering in Gastroenterology},
  author={Author, I. and Author, J.},
  journal={Journal of Medical AI},
  year={2023},
  volume={4},
  pages={31--40}
} 